@BOOK{steg1,
	AUTHOR       = "Karsten Stegmann1 Contact Information and Armin Weinberger1 and Frank Fischer1",
	TITLE        = "Facilitating argumentative knowledge construction with computer-supported collaboration scripts",
	PUBLISHER    = "Springer New York",
	YEAR         = "2007",
	VOLUME       = "2",
	MONTH        = "December"
}
