@Inproceedings{1,
	author = {textsample},
	title  = {textsample},
	year = {textsample},
	pages = {textsample},
	booktitle = {textsample}
}

@Article{2,
	author = {textsample},
	title = {textsample},
	year  ={textsample},
	journal = {textsample}
}

@Book{3,
	author = {textsample},
	title = {textsample},
	year = {textsample},
	publisher = {textsample}
}

@Misc{4,
	author = {textsample},
	title  ={textsample},
	year = {textsample},
	howpublished = {textsample}
}

@PhDThesis{5,
	author = {textsample},
	title  ={textsample},
	year = {textsample},
	school = {textsample}
}

@InBook{6,
	author = {textsample},
	title = {textsample},
	year = {textsample},
	pages = {textsample},
	publisher = {textsample}
}

@Unpublished{7,
	author = {textsample},
	title  ={textsample},
	note = {textsample},
	year = {textsample}
}

@Mastersthesis{8,
	author = {textsample},
	title  ={textsample},
	year = {textsample},
	school = {textsample}
}