@ARTICLE{AIF,
	AUTHOR       = {Carlos Chesnevar and Jarred McGinnis and Sanjay Modgil and Iyad Rahwan and Chris Reed and Guillermo Simari and Matthew South and Gerard Vreeswijk and Steven Willmott},
	TITLE        = "Towards an Argument Interchange Format",
	JOURNAL      = "The Knowledge Engineering Review",
	YEAR         = "2007",
	VOLUME       = "0",
	NUMBER       = "0",
	PAGES        = "1-25",
	MONTH        = "",
	NOTE         = ""
}
